@misc{FePaSa,
      title={A faster algorithm for finding Tarski fixed points}, 
      author={John Fearnley and Dömötör Pálvölgyi and Rahul Savani},
      year={2021},
      eprint={2010.02618},
      archivePrefix={arXiv},
      primaryClass={cs.DS}
}
@misc{DangQiYe,
      title={Computations and Complexities of Tarski's Fixed Points and Supermodular Games}, 
      author={Chuangyin Dang and Qi Qi and Yinyu Ye},
      year={2020},
      eprint={2005.09836},
      archivePrefix={arXiv},
      primaryClass={cs.GT}
}
