@Book{P2,
  author     = "Chen-Chung Chang and H. Jerome Keisler",
  title      = "Model Theory",
  publisher  = "North-Holland",
  edition   = {Third},
  year       = 1990,
}

@inproceedings{P1,
  author    = {Hiroki Arimura},
  title     = {Learning Acyclic First-Order Horn Sentences from Entailment},
  booktitle = {Proc. of the 8th Intl. Conf. on Algorithmic Learning Theory, ALT '97},
  year      = {1997},
  pages     = {432-445},
  ee        = {http://dx.doi.org/10.1007/3-540-63577-7_59},
  bibsource = {DBLP, http://dblp.uni-trier.de}
}
@article{tarski,
  author = {Alfred Tarski},
  title = {{A lattice-theoretical fixpoint theorem and its applications.}},
  volume = {5},
  journal = {Pacific Journal of Mathematics},
  number = {2},
  publisher = {Pacific Journal of Mathematics, A Non-profit Corporation},
  pages = {285 -- 309},
  year = {1955},
}
@article{lowerBound,
  title={Tarski's Theorem, Supermodular Games, and the Complexity of Equilibria}, 
  author={Kousha Etessami and Christos Papadimitriou and Aviad Rubinstein and Mihalis Yannakakis},
  year={2019},
  eprint={1909.03210},
  archivePrefix={arXiv},
  primaryClass={cs.CC}
}

@article{dangQiYe,
  title={Computations and Complexities of Tarski's Fixed Points and Supermodular Games}, 
  author={Chuangyin Dang and Qi Qi and Yinyu Ye},
  year={2020},
  eprint={2005.09836},
  archivePrefix={arXiv},
  primaryClass={cs.GT}
}
@article{fasterTarski,
  title={A faster algorithm for finding Tarski fixed points}, 
  author={John Fearnley and Dömötör Pálvölgyi and Rahul Savani},
  year={2021},
  eprint={2010.02618},
  archivePrefix={arXiv},
  primaryClass={cs.DS}
}
@article{chenLi,
  title={Improved Upper Bounds for Finding Tarski Fixed Points}, 
  author={Xi Chen and Yuhao Li},
  year={2022},
  eprint={2202.05913},
  archivePrefix={arXiv},
  primaryClass={cs.GT}
}

@article{arrivalBasic,
  title={ARRIVAL: A zero-player graph game in NP $\cap$ coNP}, 
  author={Jérôme Dohrau and Bernd Gärtner and Manuel Kohler and Jiří Matoušek and Emo Welzl},
  year={2017},
  eprint={1605.03546},
  archivePrefix={arXiv},
  primaryClass={cs.CC}
}

@article{gärtner2021subexponential,
  title={A Subexponential Algorithm for ARRIVAL}, 
  author={Bernd Gärtner and Sebastian Haslebacher and Hung P. Hoang},
  year={2021},
  eprint={2102.06427},
  archivePrefix={arXiv},
  primaryClass={cs.DS}
}
